@inproceedings{sarkar2008video,
  title={Video fingerprinting: features for duplicate and similar video detection and query-based video retrieval},
  author={Sarkar, Anindya and Ghosh, Pratim and Moxley, Emily and Manjunath, BS},
  booktitle={Multimedia Content Access: Algorithms and Systems II},
  volume={6820},
  pages={68200E},
  year={2008},
  organization={International Society for Optics and Photonics}
}

@inproceedings{oostveen2002feature,
  title={Feature extraction and a database strategy for video fingerprinting},
  author={Oostveen, Job and Kalker, Ton and Haitsma, Jaap},
  booktitle={International Conference on Advances in Visual Information Systems},
  pages={117--128},
  year={2002},
  organization={Springer}
}

@inproceedings{wu2015modeling,
  title={Modeling spatial-temporal clues in a hybrid deep learning framework for video classification},
  author={Wu, Zuxuan and Wang, Xi and Jiang, Yu-Gang and Ye, Hao and Xue, Xiangyang},
  booktitle={Proceedings of the 23rd ACM international conference on Multimedia},
  pages={461--470},
  year={2015},
  organization={ACM}
}

@inproceedings{benezeth2010unsupervised,
  title={Unsupervised credit detection in tv broadcast streams},
  author={Benezeth, Yannick and Berrani, Sid-Ahmed},
  booktitle={Multimedia (ISM), 2010 IEEE International Symposium on},
  pages={175--182},
  year={2010},
  organization={IEEE}
}

@misc{netflix,
  title = {Netflix Tech Blog, Extracting contextual information from video assets},
  howpublished = {\url{https://medium.com/netflix-techblog/extracting-contextual-information-from-video-assets-ee9da25b6008}}
}

@article{berrani2008non,
  title={A non-supervised approach for repeated sequence detection in TV broadcast streams},
  author={Berrani, Sid-Ahmed and Manson, Ga{\"e}l and Lechat, Patrick},
  journal={Signal Processing: Image Communication},
  volume={23},
  number={7},
  pages={525--537},
  year={2008},
  publisher={Elsevier}
}

@inproceedings{covell2006advertisement,
  title={Advertisement detection and replacement using acoustic and visual repetition},
  author={Covell, Michele and Baluja, Shumeet and Fink, Michael},
  booktitle={Multimedia Signal Processing, 2006 IEEE 8th workshop on},
  pages={461--466},
  year={2006},
  organization={IEEE}
}

@article{herley2006argos,
  title={ARGOS: Automatically extracting repeating objects from multimedia streams},
  author={Herley, Cormac},
  journal={IEEE Transactions on multimedia},
  volume={8},
  number={1},
  pages={115--129},
  year={2006},
  publisher={IEEE}
}

@article{gauch2006finding,
  title={Finding and identifying unknown commercials using repeated video sequence detection},
  author={Gauch, John M and Shivadas, Abhishek},
  journal={Computer Vision and Image Understanding},
  volume={103},
  number={1},
  pages={80--88},
  year={2006},
  publisher={Elsevier}
}

@article{wang2008multimodal,
  title={A multimodal scheme for program segmentation and representation in broadcast video streams},
  author={Wang, Jinqiao and Duan, Lingyu and Liu, Qingshan and Lu, Hanqing and Jin, Jesse S},
  journal={IEEE Transactions on Multimedia},
  volume={10},
  number={3},
  pages={393--408},
  year={2008},
  publisher={IEEE}
}

@article{del2013state,
  title={State-of-the-art and future challenges in video scene detection: a survey},
  author={Del Fabro, Manfred and B{\"o}sz{\"o}rmenyi, Laszlo},
  journal={Multimedia systems},
  volume={19},
  number={5},
  pages={427--454},
  year={2013},
  publisher={Springer}
}

@article{liu2009framework,
  title={A framework for flexible summarization of racquet sports video using multiple modalities},
  author={Liu, Chunxi and Huang, Qingming and Jiang, Shuqiang and Xing, Liyuan and Ye, Qixiang and Gao, Wen},
  journal={Computer Vision and Image Understanding},
  volume={113},
  number={3},
  pages={415--424},
  year={2009},
  publisher={Elsevier}
}

@inproceedings{tesseract,
  title={An overview of the Tesseract OCR engine},
  author={Smith, Ray},
  booktitle={Document Analysis and Recognition, 2007. ICDAR 2007. Ninth International Conference on},
  volume={2},
  pages={629--633},
  year={2007},
  organization={IEEE}
}

@article{lienhart1997detection,
  title={On the detection and recognition of television commercials},
  author={Lienhart, Rainer and Kuhm{\"u}nch, Christoph and Effelsberg, Wolfgang},
  year={1997}
}

@inproceedings{hampapur2001comparison,
  title={Comparison of sequence matching techniques for video copy detection},
  author={Hampapur, Arun and Hyun, Kiho and Bolle, Ruud M},
  booktitle={Storage and Retrieval for Media Databases 2002},
  volume={4676},
  pages={194--202},
  year={2001},
  organization={International Society for Optics and Photonics}
}

@inproceedings{law2007video,
  title={Video copy detection: a comparative study},
  author={Law-To, Julien and Chen, Li and Joly, Alexis and Laptev, Ivan and Buisson, Olivier and Gouet-Brunet, Valerie and Boujemaa, Nozha and Stentiford, Fred},
  booktitle={Proceedings of the 6th ACM international conference on Image and video retrieval},
  pages={371--378},
  year={2007},
  organization={ACM}
}

@inproceedings{law2006robust,
  title={Robust voting algorithm based on labels of behavior for video copy detection},
  author={Law-To, Julien and Buisson, Olivier and Gouet-Brunet, Valerie and Boujemaa, Nozha},
  booktitle={Proceedings of the 14th ACM international conference on Multimedia},
  pages={835--844},
  year={2006},
  organization={ACM}
}

@article{song2013effective,
  title={Effective multiple feature hashing for large-scale near-duplicate video retrieval},
  author={Song, Jingkuan and Yang, Yi and Huang, Zi and Shen, Heng Tao and Luo, Jiebo},
  journal={IEEE Transactions on Multimedia},
  volume={15},
  number={8},
  pages={1997--2008},
  year={2013},
  publisher={IEEE}
}

@article{douze2010image,
  title={An image-based approach to video copy detection with spatio-temporal post-filtering},
  author={Douze, Matthijs and J{\'e}gou, Herv{\'e} and Schmid, Cordelia},
  journal={IEEE Transactions on Multimedia},
  volume={12},
  number={4},
  pages={257--266},
  year={2010},
  publisher={IEEE}
}

@article{li2000automatic,
	title={Automatic text detection and tracking in digital video},
	author={Li, Huiping and Doermann, David and Kia, Omid},
	journal={IEEE transactions on image processing},
	volume={9},
	number={1},
	pages={147--156},
	year={2000},
	publisher={IEEE}
}

@article{ibrahim2011tv,
	title={Tv stream structuring},
	author={Ibrahim, Zein Al Abidin and Gros, Patrick},
	journal={ISRN Signal Processing},
	volume={2011},
	year={2011},
	publisher={Hindawi Publishing Corporation}
}

@inproceedings{abduraman2011unsupervised,
	title={An unsupervised approach for recurrent tv program structuring},
	author={Abduraman, Alina Elma and Berrani, Sid-Ahmed and Merialdo, Bernard},
	booktitle={Proceedings of the 9th European Conference on Interactive TV and Video},
	pages={123--126},
	year={2011},
	organization={ACM}
}

@inproceedings{lienhart1998comparison,
	title={Comparison of automatic shot boundary detection algorithms},
	author={Lienhart, Rainer W},
	booktitle={Storage and Retrieval for Image and Video Databases VII},
	volume={3656},
	pages={290--302},
	year={1998},
	organization={International Society for Optics and Photonics}
}

@inproceedings{shao2015shot,
	title={Shot boundary detection algorithm based on HSV histogram and HOG feature},
	author={Shao, Hong and Qu, Yang and Cui, Wencheng},
	booktitle={5th International Conference on Advanced Engineering Materials and Technology},
	pages={951--957},
	year={2015}
}

@article{zheng2018sift,
	title={SIFT meets CNN: A decade survey of instance retrieval},
	author={Zheng, Liang and Yang, Yi and Tian, Qi},
	journal={IEEE transactions on pattern analysis and machine intelligence},
	volume={40},
	number={5},
	pages={1224--1244},
	year={2018},
	publisher={IEEE}
}

@article{rajam2013survey,
	title={A survey on content based image retrieval},
	author={Rajam, Felci and Valli, S},
	journal={Life Science Journal},
	volume={10},
	number={2},
	pages={2475--2487},
	year={2013}
}

@article{smeulders2000content,
	title={Content-based image retrieval at the end of the early years},
	author={Smeulders, Arnold WM and Worring, Marcel and Santini, Simone and Gupta, Amarnath and Jain, Ramesh},
	journal={IEEE Transactions on Pattern Analysis \& Machine Intelligence},
	number={12},
	pages={1349--1380},
	year={2000},
	publisher={IEEE}
}

@inproceedings{sivic2003video,
	title={Video Google: A text retrieval approach to object matching in videos},
	author={Sivic, Josef and Zisserman, Andrew},
	booktitle={null},
	pages={1470},
	year={2003},
	organization={IEEE}
}

@article{lowe2004distinctive,
	title={Distinctive image features from scale-invariant keypoints},
	author={Lowe, David G},
	journal={International journal of computer vision},
	volume={60},
	number={2},
	pages={91--110},
	year={2004},
	publisher={Springer}
}

@inproceedings{philbin2007object,
	title={Object retrieval with large vocabularies and fast spatial matching},
	author={Philbin, James and Chum, Ondrej and Isard, Michael and Sivic, Josef and Zisserman, Andrew},
	booktitle={2007 IEEE conference on computer vision and pattern recognition},
	pages={1--8},
	year={2007},
	organization={IEEE}
}

@inproceedings{jegou2008hamming,
	title={Hamming embedding and weak geometric consistency for large scale image search},
	author={Jegou, Herve and Douze, Matthijs and Schmid, Cordelia},
	booktitle={European conference on computer vision},
	pages={304--317},
	year={2008},
	organization={Springer}
}

@article{jegou2012aggregating,
	title={Aggregating local image descriptors into compact codes},
	author={Jegou, Herve and Perronnin, Florent and Douze, Matthijs and S{\'a}nchez, Jorge and Perez, Patrick and Schmid, Cordelia},
	journal={IEEE transactions on pattern analysis and machine intelligence},
	volume={34},
	number={9},
	pages={1704--1716},
	year={2012},
	publisher={IEEE}
}

@inproceedings{nister2006scalable,
	title={Scalable recognition with a vocabulary tree},
	author={Nister, David and Stewenius, Henrik},
	booktitle={2006 IEEE Computer Society Conference on Computer Vision and Pattern Recognition (CVPR'06)},
	volume={2},
	pages={2161--2168},
	year={2006},
	organization={Ieee}
}

@inproceedings{jegou2010aggregating,
	title={Aggregating local descriptors into a compact image representation},
	author={J{\'e}gou, Herv{\'e} and Douze, Matthijs and Schmid, Cordelia and P{\'e}rez, Patrick},
	booktitle={CVPR 2010-23rd IEEE Conference on Computer Vision \& Pattern Recognition},
	pages={3304--3311},
	year={2010},
	organization={IEEE Computer Society}
}

@inproceedings{krizhevsky2012imagenet,
	title={Imagenet classification with deep convolutional neural networks},
	author={Krizhevsky, Alex and Sutskever, Ilya and Hinton, Geoffrey E},
	booktitle={Advances in neural information processing systems},
	pages={1097--1105},
	year={2012}
}

@inproceedings{babenko2014neural,
	title={Neural codes for image retrieval},
	author={Babenko, Artem and Slesarev, Anton and Chigorin, Alexandr and Lempitsky, Victor},
	booktitle={European conference on computer vision},
	pages={584--599},
	year={2014},
	organization={Springer}
}

@inproceedings{yue2015exploiting,
	title={Exploiting local features from deep networks for image retrieval},
	author={Yue-Hei Ng, Joe and Yang, Fan and Davis, Larry S},
	booktitle={Proceedings of the IEEE conference on computer vision and pattern recognition workshops},
	pages={53--61},
	year={2015}
}

@article{tolias2015particular,
	title={Particular object retrieval with integral max-pooling of CNN activations},
	author={Tolias, Giorgos and Sicre, Ronan and J{\'e}gou, Herv{\'e}},
	journal={arXiv preprint arXiv:1511.05879},
	year={2015}
}

@article{faiss,
	title={Billion-scale similarity search with GPUs},
	author={Johnson, Jeff and Douze, Matthijs and J{\'e}gou, Herv{\'e}},
	journal={arXiv preprint arXiv:1702.08734},
	year={2017}
}

@misc{ffmpeg,
	title = {FFmpeg},
	howpublished = {\url{http://ffmpeg.org}}
}

@misc{faiss-github,
	title = {Faiss - Facebook Research},
	howpublished = {\url{https://github.com/facebookresearch/faiss}}
}

@inproceedings{yu2002color,
	title={Color texture moments for content-based image retrieval},
	author={Yu, Hui and Li, Mingjing and Zhang, Hong-Jiang and Feng, Jufu},
	booktitle={Proceedings. International Conference on Image Processing},
	volume={3},
	pages={929--932},
	year={2002},
	organization={IEEE}
}

@article{manjunath1996texture,
	title={Texture features for browsing and retrieval of image data},
	author={Manjunath, Bangalore S and Ma, Wei-Ying},
	journal={IEEE Transactions on pattern analysis and machine intelligence},
	volume={18},
	number={8},
	pages={837--842},
	year={1996},
	publisher={IEEE}
}

@inproceedings{beyer1999nearest,
	title={When is “nearest neighbor” meaningful?},
	author={Beyer, Kevin and Goldstein, Jonathan and Ramakrishnan, Raghu and Shaft, Uri},
	booktitle={International conference on database theory},
	pages={217--235},
	year={1999},
	organization={Springer}
}